@misc{stat-counter,
  author       = {StatCounter},
  title        = {Mobile Operating System Market Share Worldwide},
  howpublished = {\url{https://gs.statcounter.com/os-market-share/mobile/worldwide}},
  year         = {2024},
  note         = {Accesat: 18 mai 2024}
}

@misc{number-of-google-play-store-apps,
  author       = {BankMyCell.com},
  title        = {How Many Apps In Google Play Store? (2024)},
  howpublished = {\url{https://www.bankmycell.com/blog/number-of-google-play-store-apps/}},
  year         = {2023},
  note         = {Accesat: 18 mai 2024}
}

@misc{apk-file-format-wiki,
  author       = {Wikipedia},
  title        = {apk (file format)},
  howpublished = {\url{https://en.wikipedia.org/wiki/Apk_(file_format)}},
  year         = {2024},
  note         = {Accesat: 18 mai 2024}
}

@misc{android-permissions,
  author       = {Google LLC, Open Handset Alliance},
  title        = {Permissions overview},
  howpublished = {\url{https://developer.android.com/guide/topics/permissions/overview}},
  year         = {2024},
  note         = {Accesat: 18 mai 2024}
}

@misc{rustlang,
  author       = {The Rust Team},
  title        = {The Rust Programming Language},
  howpublished = {\url{https://www.rust-lang.org/}},
  year         = {2024},
  note         = {Accesat: 18 mai 2024}
}

@misc{tensorflow,
  author       = {Google LLC, Google Brain},
  title        = {TensorFlow},
  howpublished = {\url{https://www.tensorflow.org/}},
  year         = {2024},
  note         = {Accesat: 18 mai 2024}
}

@misc{axum-framework,
  author       = {tokio-rs},
  title        = {axum},
  howpublished = {\url{https://github.com/tokio-rs/axum/}},
  year         = {2024},
  note         = {Accesat: 18 mai 2024}
}

@misc{react,
  author       = {Jordan Walke},
  title        = {React},
  howpublished = {\url{https://react.dev/}},
  year         = {2024},
  note         = {Accesat: 18 mai 2024}
}

@misc{android-source,
  author       = {Google LLC, Open Handset Alliance},
  title        = {Android Open Source Project},
  howpublished = {\url{https://source.android.com}},
  year         = {2024},
  note         = {Accesat: 19 mai 2024}
}

@misc{android-architecture,
  author       = {Google LLC, Open Handset Alliance},
  title        = {Android Architecture},
  howpublished = {\url{https://source.android.com/docs/core/architecture}},
  year         = {2024},
  note         = {Accesat: 19 mai 2024}
}

@misc{android-application-fundamentals,
  author       = {Google LLC, Open Handset Alliance},
  title        = {Application fundamentals},
  howpublished = {\url{https://developer.android.com/guide/components/fundamentals}},
  year         = {2024},
  note         = {Accesat: 19 mai 2024}
}